@misc{nptelhrd2010vrp,
	title = {Lec-29 Vehicle Routeing Problem},
	year = {2010},
	month = {enero},
	day = {29},
	author = {Romero, Christian},
	howpublished = {\url{https://www.youtube.com/watch?v=_EBGNKg3o_4}},
	note = {Accedido el 20-05-2024},
}
